% Encoding: UTF-8

@misc{freertos,
	title = {Operacijski sistem FreeRTOS},
	author = {Web source},
	howpublished = "\url{https://www.freertos.org/}"
}

@Article{bso,
  author = {Zimic, Nikolaj},
  title  = {Brezžična senzorska omrežja},
  year   = {2022},
}

@book{holger,
	title = {Ad hoc and Sensor Networks},
	author = {Holger, Karl},
	year = {2005}
}

@Comment{jabref-meta: databaseType:bibtex;}
